<record><leader>00000cas a22000007a 4500</leader><controlfield tag="001">17915569</controlfield><controlfield tag="008">880506d19061909iaudn ne      0    0eng d</controlfield><datafield ind1=" " ind2=" " tag="010"><subfield code="a">sn 88059429 </subfield></datafield><datafield ind1=" " ind2=" " tag="040"><subfield code="a">INP</subfield><subfield code="b">eng</subfield><subfield code="c">INP</subfield><subfield code="d">OCLCQ</subfield></datafield><datafield ind1=" " ind2=" " tag="042"><subfield code="a">msc</subfield></datafield><datafield ind1="0" ind2="0" tag="245"><subfield code="a">Oelwein daily American.</subfield></datafield><datafield ind1=" " ind2=" " tag="260"><subfield code="a">Oelwein, Iowa :</subfield><subfield code="b">[s.n.]</subfield></datafield><datafield ind1=" " ind2=" " tag="300"><subfield code="a">v.</subfield></datafield><datafield ind1=" " ind2=" " tag="310"><subfield code="a">Daily (except Saturday and Sunday)</subfield></datafield><datafield ind1="1" ind2=" " tag="362"><subfield code="a">Issued 1906-1909?</subfield></datafield><datafield ind1=" " ind2=" " tag="500"><subfield code="a">Publisher: W.A. Reid, &lt;May 31, 1907&gt;.</subfield></datafield><datafield ind1=" " ind2=" " tag="588"><subfield code="a">Description based on: Vol. 1, no. 144 (Jan. 4, 1907).</subfield></datafield><datafield ind1=" " ind2=" " tag="752"><subfield code="a">United States</subfield><subfield code="b">Iowa</subfield><subfield code="c">Fayette</subfield><subfield code="d">Oelwein.</subfield></datafield></record>